@article{samet_quadtree,
  title={The Quad Tree and Related Hierarchical Data Structures},
  author={Samet, Hanan},
  journal={ACM Computing Surveys},
  volume={16},
  number={2},
  year={1984},
  pages={187--260}
}

@book{mendoza_advances,
  title={Advances in Image Processing and Computer Vision},
  author={González Mendoza, Miguel},
  publisher={Springer},
  year={2015}
}

@article{spann_wilson_quadtree,
  title={A Quad-Tree Approach to Image Segmentation Which Combines Statistical and Spatial Information},
  author={Spann, M. and Wilson, R.},
  journal={Pattern Recognition},
  volume={18},
  number={3-4},
  year={1985},
  pages={257--269}
}
@article{finkel_bentley_quadtree,
title={Quad Trees: A Data Structure for Retrieval on Composite Keys},
author={Finkel, R. A. and Bentley, J. L.},
journal={Acta Informatica},
volume={4},
number={1},
year={1974},
pages={1--9}
}

@book{samet_spatial_structures,
title={The Design and Analysis of Spatial Data Structures},
author={Samet, Hanan},
publisher={Addison-Wesley},
year={1989},
address={Reading, Massachusetts},
series={Addison-Wesley Series in Computer Science},
isbn={0-201-50255-0}
}

@thesis{bellido_binarizacion_quadtree,
  title={Binarización Quad Tree de imágenes aplicada a estudios de seguimiento multitemporal},
  author={Bellido Inugay, Victoria Libertad},
  school={Universidad Politécnica de Madrid, Escuela Técnica Superior de Ingenieros Informáticos},
  type={Trabajo Fin de Grado},
  year={2022},
  month={Junio},
  address={Madrid, España}
}

@misc{amay12_spatialsearch,
  author       = {Amay12},
  title        = {SpatialSearch: Implementation of spatial data structures for efficient searching},
  year         = {2019},
  publisher    = {GitHub},
  journal      = {GitHub repository},
  howpublished = {\url{https://github.com/amay12/SpatialSearch}},
  url          = {https://github.com/amay12/SpatialSearch},
  note         = {Accessed: March 2025}
}